@book{BoyDiP,
  title={Elementary differential equations and boundary value problems},
  author={Boyce, W.E. and DiPrima, R.C.},
  isbn={9780471319993},
  lccn={96019864},
  url={https://books.google.co.uk/books?id=ePs\_AQAAIAAJ},
  year={2001},
  publisher={Wiley} 
},
@book{Kr,
  title={Advanced Engineering Mathematics},
  author={Kreyszig, E.},
  isbn={9780470458365},
  lccn={2011287100},
  url={https://books.google.co.uk/books?id=UnN8DpXI74EC},
  year={2010},
  publisher={John Wiley \& Sons}
},
@book{Tay,
  title={Classical Mechanics},
  author={Taylor, J.R.},
  isbn={9781891389221},
  lccn={2004054971},
  url={https://books.google.co.uk/books?id=P1kCtNr-pJsC},
  year={2005},
  publisher={University Science Books}
},
@book{Spi,
  title={Calculus},
  author={Spivak, M.},
  isbn={9780521867443},
  lccn={80082517},
  series={Calculus},
  url={https://books.google.co.uk/books?id=7JKVu\_9InRUC},
  year={2006},
  publisher={Cambridge University Press}
},
@book{Str,
  title={Partial Differential Equations: An Introduction},
  author={Strauss, W.A.},
  isbn={9780471548683},
  lccn={lc91043999},
  url={https://books.google.co.uk/books?id=5--vQgAACAAJ},
  year={1992},
  publisher={Wiley}
},
@book{Ev,
  title={Partial Differential Equations},
  author={Evans, L.C.},
  isbn={9780821849743},
  lccn={2009044716},
  series={Graduate studies in mathematics},
  url={https://books.google.co.uk/books?id=Xnu0o\_EJrCQC},
  year={2010},
  publisher={American Mathematical Society}
},
@book{Sab,
  title={Spherical Means for Pdes},
  author={Sabelfeld, K.K.K. and Shalimopva, I.A.},
  isbn={9789067642118},
  url={https://books.google.co.uk/books?id=xTNJwrlUh0QC},
  year={1997},
  publisher={VSP}
},
@book{LooSter,
  title={Advanced Calculus: Revised},
  author={Loomis, L.H. and Sternberg, S.},
  isbn={9789814583954},
  url={https://books.google.co.uk/books?id=aDA8DQAAQBAJ},
  year={2014},
  publisher={World Scientific Publishing Company}
},
@book{Fol,
  title={Introduction to Partial Differential Equations},
  author={Folland, G.B.},
  isbn={9780691043616},
  lccn={95032308},
  url={https://books.google.co.uk/books?id=c0WFd3X\_R20C},
  year={1995},
  publisher={Princeton University Press}
}, 
@book{Hil,
  title={Methods of Mathematical Physics},
  author={Courant, R. and Hilbert, D.},
  isbn={9780470179857},
  lccn={53007164},
  series={Methods of Mathematical Physics by R. Courant and D. Hilbert},
  url={https://books.google.co.uk/books?id=uy8kkgEACAAJ},
  year={1962},
  publisher={Interscience Publishers}
},
@book{Coc,
  title={The Secret Life of Equations: The 50 Greatest Equations and How They Work},
  author={Cochrane, R.},
  isbn={9781844038633},
  url={https://books.google.co.uk/books?id=G\_SpCwAAQBAJ},
  year={2016},
  publisher={Octopus}
}

